@phdthesis{phdthesis:2020Kinnaird,
  author       = {Nicholas Kinnaird}, 
  title        = "{Muon spin precession frequency extraction and decay positron track fitting in Run 1 of the Fermilab Muon $g-2$ Experiment}",
  school       = {Boston University},
  year         = 2020,
  month        = 1,
}

@phdthesis{phdthesis:2019Fienberg,
  author       = {Aaron Fienberg}, 
  title        = "{Measuring the Precession Frequency in the E989 Muon $g-2$ Experiment}",
  school       = {University of Washington},
  year         = 2019,
  month        = 1,
}

@phdthesis{phdthesis:2020Sweigart,
  author       = {David Allen Sweigart}, 
  title        = "{A measurement of the anomalous precession frequency of the positive muon}",
  school       = {Cornell University},
  year         = 2020,
  month        = 5,
}

@MISC{UncertaintySpreadsheet,
      author = {D. Sweigart and others},
      title = {Uncertainty Assessment},
      howpublished = {\url{https://docs.google.com/spreadsheets/d/1r3ql_19gjH3NPIOeq_ckSul_GX8BVYLQp9GnLx2BC-M}},
      year = {2020}
}

@MISC{ReadersGuide,
      author = {T. Gorringe},
      title = {Readers guide and synopsis for run 1, \wa analysis},
      howpublished = {Muon \gmtwo Note 243 DocDB 23555},
      month = {08},
      year = {2020}
}

@MISC{CombinationNote,
      author = {D. Sweigart},
      title = {The Combination of \wa for Run 1},
      howpublished = {Muon \gmtwo Note 246 DocDB 23726},
      month = {08},
      year = {2020}
}

@MISC{CBOFreqTrackingElog,
      author = {J. Mott},
      title = {Run 1: Final CBO Freq Parameters},
      howpublished = "Muon \gmtwo Elogs Tracking Analysis ID 199",
      year = {2019}
}

@MISC{GainNote,
      author = {P. Girotti and others},
      title = {Laser gain corrections for Run 1},
      howpublished = {Muon \gmtwo Note 241 DocDB 23519},
      month = {08},
      year = {2020}
}

@MISC{GainElog1,
      author = {A. Druiti and others},
      title = {IFGF for EG using tau from LTDP},
      howpublished = "Muon \gmtwo Elogs Production ID 13",
      month = {01},
      year = {2020}
}

@MISC{GainElog2,
      author = {A. Druiti and others},
      title = {IFGF for HK using tau from LTDP},
      howpublished = "Muon \gmtwo Elogs Production ID 14",
      month = {01},
      year = {2020}
}

@MISC{GainElog3,
      author = {A. Druiti and others},
      title = {Fit Results for 60h and 9d IFGF},
      howpublished = "Muon \gmtwo Elogs Production ID 19",
      month = {01},
      year = {2020}
}

@MISC{GainElog4,
      author = {A. Druiti and others},
      title = {taus LTDP values used for highkick and endgame IFG},
      howpublished = "Muon \gmtwo Elogs Production ID 20",
      month = {01},
      year = {2020}
}


@MISC{AdHoc1,
      author = {N. Kinnaird},
      title = {BU Analysis Work},
      howpublished = {Muon \gmtwo DocDB 21521},
      month = {02},
      year = {2020}
}

@MISC{AdHoc2,
      author = {N. Kinnaird},
      title = {BU Analysis Work},
      howpublished = {Muon \gmtwo DocDB 21606},
      month = {02},
      year = {2020}
}

@MISC{MuonLossPhase,
      author = {H. Binney},
      title = {Measurement of the Phase-Momentum Correlation Lost Muon Systematic Error},
      howpublished = {Muon \gmtwo Note 248 DocDB 23630},
      month = {09},
      year = {2020}
}

